%%%%%%%%%%%%%%%%%%%%%%%%%%%%%%%%%%%%%%%%%%%%%%%%%%%%%%%%%%%%%%%%%%%%%%%%%
%
% Purpose: References for Trick and NASA Software documentation.
%
% Author: Edwin Z. Crues  19 May 2020
%
% Modified:
%
%%%%%%%%%%%%%%%%%%%%%%%%%%%%%%%%%%%%%%%%%%%%%%%%%%%%%%%%%%%%%%%%%%%%%%%%%
   
@MISC{Trick:Documentation,
   title        = "Trick Simulation Environment: Documentation",
   author       = "{National Aeronautics and Space Administration,
                    Johnson Space Center,
                    Software, Robotics \& Simulation Division,
                    Simulation and Graphics Branch (ER7)}",
   note         = "Accessed 18 May 2020",
   howpublished = {Trick Wiki Site: \url{https://nasa.github.io/trick/documentation/Documentation-Home}},
   month        = "May",
   year         = "2020"}

@MISC{Trick:Tutorial,
   title        = "Trick Simulation Environment: Tutorial",
   author       = "{National Aeronautics and Space Administration,
                    Johnson Space Center,
                    Software, Robotics \& Simulation Division,
                    Simulation and Graphics Branch (ER7)}",
   note         = "Accessed 18 May 2020",
   ADDRESS      = "2101 NASA Parkway, Houston, Texas, 77058",
   howpublished = {Trick Wiki Site: \url{https://nasa.github.io/trick/tutorial/Tutorial}},
   month        = "May",
   year         = "2020 (accessed May 18, 2020)"}

@MISC{Trick:Install,
   title        = "Trick Simulation Environment: Installation Guide",
   author       = "{National Aeronautics and Space Administration,
                    Johnson Space Center,
                    Software, Robotics \& Simulation Division,
                    Simulation and Graphics Branch (ER7)}",
   note         = "Accessed 18 May 2020",
   howpublished = {Trick Wiki Site: \url{https://nasa.github.io/trick/documentation/install_guide/Install-Guide}},
   month        = "May",
   year         = "2020 (accessed May 18, 2020)"}

@TECHREPORT{NASA:SWE,
   AUTHOR       = "{NASA}",
   TITLE        = "{\em NASA Software Engineering Requirements}",
   NUMBER       = "NPR-7150.2C",
   INSTITUTION  = "National Aeronautics and Space Administration",
   ADDRESS      = "NASA Headquarters, Washington, D.C.",
   MONTH        = "August",
   YEAR         = "2019"}

@MISC{Doxygen,
   title        = "Doxygen",
   author       = "Dimitri van Heesch",
   note         = "Accessed 29 May 2020",
   howpublished = {Doxygen Site: \url{https://www.doxygen.nl/index.html}},
   month        = "May",
   year         = "2020"}
  